
@misc{zotero-176,
	title = {{NUTS} 1 statistical regions of the {United} {Kingdom}},
	url = {https://commons.wikimedia.org/wiki/File:NUTS_1_statistical_regions_of_the_United_Kingdom_map.svg},
	author = {Nilfanion, Greg},
	year = {2011},
}

@misc{greg2012english,
	title = {English:  {Map} showing the {NUTS} 1 statistical regions of the {United} {Kingdom} in 2011.},
	shorttitle = {English},
	url = {https://commons.wikimedia.org/wiki/File:NUTS_1_statistical_regions_of_the_United_Kingdom_map.svg},
	urldate = {2022-12-17},
	author = {Greg, created using Ordnance Survey dataderivative work: Dr, United\_Kingdom\_police\_areas\_map svg: Nilfanion},
	month = may,
	year = {2012},
}

@misc{course,
	title = {Course {Catalogue} - {ETH} {Zurich}},
	url = {https://www.vvz.ethz.ch/Vorlesungsverzeichnis/lerneinheit.view?lang=en&lerneinheitId=163021&semkez=2022W&ansicht=LEHRVERANSTALTUNGEN&},
	urldate = {2022-12-17},
}
